
@article{Evans:1129806,
    Author = {Evans, Lyndon R and Bryant, Philip},
    Date-Added = {2012-10-30 10:15:44 +0000},
    Date-Modified = {2012-10-30 10:15:52 +0000},
    Journal = {J. Instrum.},
    Note = {This report is an abridged version of the LHC Design Report (CERN-2004-003)},
    Pages = {S08001. 164 p},
    Title = {LHC Machine},
    Volume = {3},
    Year = {2008}}

@article{1748-0221-3-08-S08003,
    Author = {The ATLAS Collaboration and G Aad and E Abat and J Abdallah and A A Abdelalim and A Abdesselam and O Abdinov and B A Abi and M Abolins and H Abramowicz and E Acerbi and B S Acharya and R Achenbach and M Ackers and D L Adams and F Adamyan and T N Addy and M Aderholz and C Adorisio and P Adragna and M Aharrouche and S P Ahlen and F Ahles and A Ahmad and H Ahmed and G Aielli and P F {\AA}kesson and T P A {\AA}kesson and A V Akimov and S M Alam and J Albert and S Albrand and M Aleksa and I N Aleksandrov and M Aleppo and F Alessandria and C Alexa and G Alexander and T Alexopoulos and G Alimonti and M Aliyev and P P Allport and S E Allwood-Spiers and A Aloisio and J Alonso and R Alves and M G Alviggi and K Amako and P Amaral and S P Amaral and G Ambrosini and G Ambrosio and C Amelung and V V Ammosov and A Amorim and N Amram and C Anastopoulos and B Anderson and K J Anderson and E C Anderssen and A Andreazza and V Andrei and L Andricek and M-L Andrieux and X S Anduaga and F Anghinolfi and A Antonaki and M Antonelli and S Antonelli and R Apsimon and G Arabidze and I Aracena and Y Arai and A T H Arce and J P Archambault and J-F Arguin and E Arik and M Arik and K E Arms and S R Armstrong and M Arnaud and C Arnault and A Artamonov and S Asai and S Ask and B {\AA}sman and D Asner and L Asquith and K Assamagan and A Astbury and B Athar and T Atkinson},
    Date-Added = {2013-02-21 09:05:35 +0000},
    Date-Modified = {2013-02-21 09:05:40 +0000},
    Journal = {Journal of Instrumentation},
    Number = {08},
    Pages = {S08003},
    Title = {The ATLAS Experiment at the CERN Large Hadron Collider},
    Url = {http://stacks.iop.org/1748-0221/3/i=08/a=S08003},
    Volume = {3},
    Year = {2008}}

@article{1748-0221-3-08-S08005,
    Author = {The LHCb Collaboration and A Augusto Alves Jr and L M Andrade Filho and A F Barbosa and I Bediaga and G Cernicchiaro and G Guerrer and H P Lima Jr and A A Machado and J Magnin and F Marujo and J M de Miranda and A Reis and A Santos and A Toledo and K Akiba and S Amato and B de Paula and L de Paula and T da Silva and M Gandelman and J H Lopes and B Mar{\'e}chal and D Moraes and E Polycarpo and F Rodrigues},
    Date-Added = {2013-02-21 09:05:25 +0000},
    Date-Modified = {2013-02-21 09:05:31 +0000},
    Journal = {Journal of Instrumentation},
    Number = {08},
    Pages = {S08005},
    Title = {The LHCb Detector at the LHC},
    Url = {http://stacks.iop.org/1748-0221/3/i=08/a=S08005},
    Volume = {3},
    Year = {2008}}

@article{1748-0221-3-08-S08002,
    Author = {The ALICE Collaboration and K Aamodt and A Abrahantes Quintana and R Achenbach and S Acounis and D Adamov{\'a} and C Adler and M Aggarwal and F Agnese and G Aglieri Rinella and Z Ahammed and A Ahmad and N Ahmad and S Ahmad and A Akindinov and P Akishin and D Aleksandrov and B Alessandro and R Alfaro and G Alfarone and A Alici and J Alme and T Alt and S Altinpinar and W Amend and C Andrei and Y Andres and A Andronic},
    Date-Added = {2013-02-21 09:05:07 +0000},
    Date-Modified = {2013-02-21 09:05:13 +0000},
    Journal = {Journal of Instrumentation},
    Number = {08},
    Pages = {S08002},
    Title = {The ALICE experiment at the CERN LHC},
    Url = {http://stacks.iop.org/1748-0221/3/i=08/a=S08002},
    Volume = {3},
    Year = {2008}}

@article{1748-0221-3-08-S08004,
    author={The CMS Collaboration and S Chatrchyan and G Hmayakyan and V Khachatryan and A M Sirunyan and W Adam and T Bauer and T Bergauer and H Bergauer and M Dragicevic and J Erö and M Friedl and R Frühwirth and V M Ghete and P Glaser and C Hartl and N Hoermann and J Hrubec and S Hänsel and M Jeitler and K Kastner and M Krammer and I Magrans de Abril and M Markytan and I Mikulec and B Neuherz and T Nöbauer and M Oberegger and M Padrta and M Pernicka and P Porth and H Rohringer and S Schmid and T Schreiner and R Stark and H Steininger and J Strauss and A Taurok and D Uhl and W Waltenberger and G Walzel and E Widl and C-E Wulz and V Petrov and V Prosolovich and V Chekhovsky and O Dvornikov and I Emeliantchik and A Litomin and V Makarenko},
    title={The CMS experiment at the CERN LHC},
    journal={Journal of Instrumentation},
    volume={3},
    number={08},
    pages={S08004},
    url={http://stacks.iop.org/1748-0221/3/i=08/a=S08004},
    year={2008}}

@webpage{TE-EPC-LPC_in_LHC,
    Date-Added = {2012-10-30 10:03:17 +0000},
    Date-Modified = {2013-02-22 10:39:18 +0000},
    Month = {September},
    Title = {TE-EPC-LPC in LHC},
    Url = {http://te-epc-lpc.web.cern.ch/te-epc-lpc/machines/lhc/general.stm},
    Year = {2012},
    Bdsk-Url-1 = {http://te-epc-lpc.web.cern.ch/te-epc-lpc/machines/lhc/general.stm}}

@article{Koutchouk:1306815,
    Author = {Koutchouk, J P and Zimmermann, F},
    Date-Added = {2012-10-30 09:35:23 +0000},
    Date-Modified = {2012-10-30 09:44:51 +0000},
    Number = {EuCARD-CON-2009-040. sLHC-PROJECT-Report-0013. CERN-sLHC-PROJECT-Report-0013. EuCARD-CON-2009-007},
    Title = {LHC Upgrade Scenarios. oai:cds.cern.ch:1306815},
    Year = {2010}}

@webpage{Fig:cms-detector-design,
    Date-Added = {2012-12-08 10:12:52 +0000},
    Date-Modified = {2013-02-25 11:51:51 +0000},
    Month = {November},
    Title = {CMS Detector},
    Url = {http://cms.web.cern.ch/news/cms-detector-design},
    Year = {2011},
    Bdsk-Url-1 = {http://cms.web.cern.ch/news/cms-detector-design}}
